<?xml version="1.0" encoding="UTF-8"?><collection xmlns="http://www.loc.gov/MARC21/slim"><record><leader>00452nam--2200133-i-4500</leader><controlfield tag="001">000028590</controlfield><controlfield tag="002">20161230</controlfield><controlfield tag="005">20161230201037</controlfield><controlfield tag="008">060222s1000------------r-----000-0-eng-d</controlfield><datafield ind1=" " ind2=" " tag="080"><subfield code="a">539.13:535.33:539.194</subfield></datafield><datafield ind1=" " ind2=" " tag="100"><subfield code="a">Herzberg, Gerhard</subfield></datafield><datafield ind1=" " ind2=" " tag="245"><subfield code="a">Molecular spectra and molecular structure.infrared and raman spectra of polyatomic molecules.(4th printing)</subfield></datafield><datafield ind1=" " ind2=" " tag="260"><subfield code="a">New York, Princeton, New Jersey, D.Van Nostrand Co., Inc., 1949-1966</subfield></datafield><datafield ind1=" " ind2=" " tag="852"><subfield code="a">10883</subfield></datafield></record></collection>